@online{computer_cooling,
    author    = "",
    title     = "Computer Cooling#",
    url       = "https://en.wikipedia.org/wiki/Computer_cooling",
    keywords  = "computer cooling"
}

@online{quiet_PC,
    author    = "",
    title     = "Quiet PC#",
    url       = "https://en.wikipedia.org/wiki/Quiet_PC",
    keywords  = "computer"
}

